@book{cook1994finite,
  title="Finite Element Modeling for Stress Analysis",
  author="Cook, Robert D",
  year="1994",
  publisher="Wiley"
}

@book{zhu2005finite,
  title={The Finite Element Method: Its Basis and Fundamentals},
  author={Zhu, J and Taylor, ZRL and Zienkiewicz, OC},
  year={2005},
  publisher={Butterworth-Heinemann}
}

@book{fish2007first,
  title={A First Course in Finite Elements},
  author={Fish, Jacob and Belytschko, Ted},
  year={2007},
  publisher={John Wiley \& Sons}
}

@book{liu2013finite,
  title={The Finite Element Method: A Practical Course},
  author={Liu, Gui-Rong and Quek, Siu Sin},
  year={2013},
  publisher={Butterworth-Heinemann}
}

@book{young2002roark,
  title={Roark's Formulas for Stress and Strain},
  author={Young, Warren Clarence and Budynas, Richard Gordon},
  volume={7},
  year={2002},
  publisher={McGraw-Hill New York}
}

@book{pilkey1993formulas,
  title={Formulas for Stress, Strain, and Structural Matrices},
  author={Pilkey, Walter D},
  year={1993},
  publisher={John Wiley \& Sons, Inc.}
}

@book{gere2012mechanics,
  title={Mechanics of Materials},
  author={Gere, James and Goodno, Barry},
  year={2012},
  publisher={Nelson Education}
}

@book{ashby2013materials,
  title={Materials: Engineering, Science, Processing and Design},
  author={Ashby, Michael F and Shercliff, Hugh and Cebon, David},
  year={2013},
  publisher={Butterworth-Heinemann}
}

@book{muvdi2012engineering,
  title={Engineering Mechanics of Materials},
  author={Muvdi, Bichara B and McNabb, John W},
  year={2012},
  publisher={Springer Science \& Business Media}
}

@book{megson2012aircraft,
  title={Aircraft Structures for Engineering Students},
  author={Megson, Thomas Henry Gordon},
  year={2012},
  publisher={Elsevier}
}

@book{peery2011aircraft,
  title={Aircraft Structures},
  author={Peery, David J},
  year={2011},
  publisher={Courier Corporation}
}

@article{ostergaard2011virtual,
  title={Virtual testing of aircraft structures},
  author={Ostergaard, Morten G and Ibbotson, Andrew R and Le Roux, Olivier and Prior, Alan M},
  journal={CEAS Aeronautical Journal},
  volume={1},
  number={1-4},
  pages={83--103},
  year={2011},
  publisher={Springer}
}


